[gd_scene load_steps=8 format=2]

[ext_resource path="res://assets/gltf/pod.glb" type="PackedScene" id=1]
[ext_resource path="res://addons/kenney_prototype_textures/purple/texture_07.png" type="Texture" id=2]
[ext_resource path="res://scripts/meta/PartMeta.gd" type="Script" id=3]

[sub_resource type="ConvexPolygonShape" id=12]

[sub_resource type="SphereShape" id=10]
radius = 0.5

[sub_resource type="SpatialMaterial" id=8]
albedo_texture = ExtResource( 2 )
uv1_scale = Vector3( 2, 1, 1 )

[sub_resource type="SphereMesh" id=11]
material = SubResource( 8 )
radius = 0.5
height = 1.0

[node name="Spatial" type="RigidBody"]
mode = 1
script = ExtResource( 3 )
partName = "One-man pod"
partDescription = "You can sit in this pod and try to fly."
partManufacturer = "Demo CO"

[node name="CollisionShape2" type="CollisionShape" parent="."]
transform = Transform( 1, 0, 0, 0, 1, 0, 0, 0, 1, 0, -1, 0 )
shape = SubResource( 12 )

[node name="pod" parent="CollisionShape2" instance=ExtResource( 1 )]

[node name="anchors" type="Area" parent="."]
collision_layer = 2
collision_mask = 2
monitorable = false

[node name="anchor2" type="CollisionShape" parent="anchors"]
transform = Transform( 1, 0, 0, 0, 1, 0, 0, 0, 1, 0, -1, 0 )
shape = SubResource( 10 )

[node name="MeshInstance" type="MeshInstance" parent="anchors/anchor2"]
mesh = SubResource( 11 )
material/0 = null

[node name="anchor" type="CollisionShape" parent="anchors"]
transform = Transform( 1, 0, 0, 0, 1, 0, 0, 0, 1, 0, 1, 0 )
shape = SubResource( 10 )
__meta__ = {
"_editor_description_": ""
}

[node name="MeshInstance" type="MeshInstance" parent="anchors/anchor"]
layers = 2
mesh = SubResource( 11 )
material/0 = null
